<?xml version="1.0" encoding="UTF-8"?>
<OAI-PMH xmlns="http://www.openarchives.org/OAI/2.0/" xmlns:xsi="http://www.w3.org/2001/XMLSchema-instance" xsi:schemaLocation="http://www.openarchives.org/OAI/2.0/ http://www.openarchives.org/OAI/2.0/OAI-PMH.xsd">
  <ListRecords>
    <record>
      <header>
        <identifier>aleph-publish:022646580</identifier>
      </header>
      <metadata>
        <record xmlns="http://www.ddb.de/professionell/mabxml/mabxml-1.xsd">
          <leader>00000nM2.01200024------h</leader>
          <controlfield tag="LDR">00000nM2.01200024------h</controlfield>
          <controlfield tag="FMT">MH</controlfield>
          <datafield tag="001" ind1="-" ind2="1">
            <subfield code="a">HT019838800</subfield>
          </datafield>
          <datafield tag="002" ind1="a" ind2="1">
            <subfield code="a">20181016</subfield>
          </datafield>
          <datafield tag="003" ind1="-" ind2="1">
            <subfield code="a">20181018</subfield>
          </datafield>
          <datafield tag="025" ind1="o" ind2="1">
            <subfield code="a">1076035765</subfield>
          </datafield>
          <datafield tag="026" ind1="-" ind2="1">
            <subfield code="a">HBZHT019838800</subfield>
          </datafield>
          <controlfield tag="030">a||ur||||||17</controlfield>
          <datafield tag="036" ind1="a" ind2="1">
            <subfield code="a">DE</subfield>
          </datafield>
          <datafield tag="037" ind1="b" ind2="1">
            <subfield code="a">ger</subfield>
          </datafield>
          <controlfield tag="050">||||||||g|||||</controlfield>
          <controlfield tag="051">sr||||||</controlfield>
          <datafield tag="060" ind1="-" ind2="1">
            <subfield code="b">txt</subfield>
            <subfield code="a">Text</subfield>
          </datafield>
          <datafield tag="061" ind1="-" ind2="1">
            <subfield code="b">c</subfield>
            <subfield code="a">Computermedien</subfield>
          </datafield>
          <datafield tag="062" ind1="-" ind2="1">
            <subfield code="b">cr</subfield>
            <subfield code="a">Online-Ressource</subfield>
          </datafield>
          <datafield tag="070" ind1="-" ind2="1">
            <subfield code="a">98</subfield>
          </datafield>
          <datafield tag="078" ind1="i" ind2="1">
            <subfield code="a">iall</subfield>
          </datafield>
          <datafield tag="078" ind1="r" ind2="1">
            <subfield code="a">98: ellinet; GND: (DE-588)2116834-9</subfield>
          </datafield>
          <datafield tag="080" ind1="-" ind2="1">
            <subfield code="a">60</subfield>
          </datafield>
          <datafield tag="100" ind1="-" ind2="1">
            <subfield code="p">Zell-Ziegler, Carina</subfield>
            <subfield code="9">(DE-588)1142549178</subfield>
          </datafield>
          <datafield tag="101" ind1="-" ind2="1">
            <subfield code="p">Ziegler, Carina Zell-</subfield>
          </datafield>
          <datafield tag="104" ind1="a" ind2="1">
            <subfield code="p">Förster, Hannah</subfield>
          </datafield>
          <datafield tag="200" ind1="b" ind2="1">
            <subfield code="k">Deutschland</subfield>
            <subfield code="b">Umweltbundesamt</subfield>
            <subfield code="4">pat</subfield>
            <subfield code="3">Auftraggeber</subfield>
            <subfield code="4">isb</subfield>
            <subfield code="3">Herausgebendes Organ</subfield>
            <subfield code="9">(DE-588)2116834-9</subfield>
          </datafield>
          <datafield tag="201" ind1="-" ind2="1">
            <subfield code="k">German Environment Agency</subfield>
          </datafield>
          <datafield tag="201" ind1="-" ind2="1">
            <subfield code="k">Umweltbundesamt</subfield>
            <subfield code="h">Deutschland</subfield>
          </datafield>
          <datafield tag="201" ind1="-" ind2="1">
            <subfield code="k">Federal Environmental Agency</subfield>
            <subfield code="h">Deutschland</subfield>
          </datafield>
          <datafield tag="201" ind1="-" ind2="1">
            <subfield code="k">Environmental Agency</subfield>
            <subfield code="h">Deutschland</subfield>
          </datafield>
          <datafield tag="201" ind1="-" ind2="1">
            <subfield code="k">Deutschland</subfield>
            <subfield code="b">Environmental Agency</subfield>
          </datafield>
          <datafield tag="201" ind1="-" ind2="1">
            <subfield code="k">Deutschland</subfield>
            <subfield code="b">Federal Environmental Agency</subfield>
          </datafield>
          <datafield tag="201" ind1="-" ind2="1">
            <subfield code="k">Deutschland</subfield>
            <subfield code="b">Vedomstvo po Ochrane Okružajuščej Sredy</subfield>
          </datafield>
          <datafield tag="201" ind1="-" ind2="1">
            <subfield code="k">Federalʹnoe Vedomstvo po Ochrane Okružajuščej Sredy</subfield>
            <subfield code="h">Deutschland</subfield>
          </datafield>
          <datafield tag="201" ind1="-" ind2="1">
            <subfield code="k">Vedomstvo po Ochrane Okružajuščej Sredy</subfield>
            <subfield code="h">Deutschland</subfield>
          </datafield>
          <datafield tag="201" ind1="-" ind2="1">
            <subfield code="k">Deutschland</subfield>
            <subfield code="b">Bundesministerium für Umwelt, Naturschutz und Reaktorsicherheit</subfield>
            <subfield code="b">Umweltbundesamt</subfield>
          </datafield>
          <datafield tag="201" ind1="-" ind2="1">
            <subfield code="k">Deutschland</subfield>
            <subfield code="b">Umweltbundesamt</subfield>
            <subfield code="b">Div.</subfield>
            <subfield code="n">3 2 2</subfield>
          </datafield>
          <datafield tag="201" ind1="-" ind2="1">
            <subfield code="k">Deutschland</subfield>
            <subfield code="b">Umweltbundesamt</subfield>
            <subfield code="b">Division</subfield>
            <subfield code="n">3 2 2</subfield>
          </datafield>
          <datafield tag="201" ind1="-" ind2="1">
            <subfield code="k">Deutschland</subfield>
            <subfield code="b">Umweltbundesamt</subfield>
            <subfield code="b">Projektgruppe Nährstoffeinträge in der Nordsee</subfield>
          </datafield>
          <datafield tag="201" ind1="-" ind2="1">
            <subfield code="k">Federalny Urza̜d Środowiska</subfield>
            <subfield code="h">Deutschland</subfield>
          </datafield>
          <datafield tag="201" ind1="-" ind2="1">
            <subfield code="k">Deutschland</subfield>
            <subfield code="b">Urza̜d Środowiska</subfield>
          </datafield>
          <datafield tag="201" ind1="-" ind2="1">
            <subfield code="k">German Environmental Protection Agency</subfield>
          </datafield>
          <datafield tag="201" ind1="-" ind2="1">
            <subfield code="k">Deutschland</subfield>
            <subfield code="b">Environmental Protection Agency</subfield>
          </datafield>
          <datafield tag="201" ind1="-" ind2="1">
            <subfield code="k">Environmental Protection Agency</subfield>
            <subfield code="h">Deutschland</subfield>
          </datafield>
          <datafield tag="201" ind1="-" ind2="1">
            <subfield code="k">Deutschland</subfield>
            <subfield code="b">Umweltbundesamt</subfield>
            <subfield code="b">Arbeitsgruppe Agenda 21 - Nachhaltige Entwicklung</subfield>
          </datafield>
          <datafield tag="201" ind1="-" ind2="1">
            <subfield code="k">Deutschland</subfield>
            <subfield code="b">Umweltbundesamt</subfield>
            <subfield code="b">Working Group Agenda 21 - Sustainable Development</subfield>
          </datafield>
          <datafield tag="201" ind1="-" ind2="1">
            <subfield code="k">Deutschland</subfield>
            <subfield code="b">Umweltbundesamt für Mensch und Umwelt</subfield>
          </datafield>
          <datafield tag="201" ind1="-" ind2="1">
            <subfield code="k">Umweltbundesamt für Mensch und Umwelt</subfield>
            <subfield code="h">Deutschland</subfield>
          </datafield>
          <datafield tag="201" ind1="-" ind2="1">
            <subfield code="k">Deutschland</subfield>
            <subfield code="b">Umweltbundesamt</subfield>
            <subfield code="b">Pressestelle</subfield>
          </datafield>
          <datafield tag="201" ind1="-" ind2="1">
            <subfield code="k">Deutschland</subfield>
            <subfield code="b">Umweltbundesamt</subfield>
            <subfield code="b">Press Office</subfield>
          </datafield>
          <datafield tag="201" ind1="-" ind2="1">
            <subfield code="k">Deutschland</subfield>
            <subfield code="b">Umweltbundesamt</subfield>
            <subfield code="b">Referat Umweltaufklärung</subfield>
          </datafield>
          <datafield tag="201" ind1="-" ind2="1">
            <subfield code="k">Deutschland</subfield>
            <subfield code="b">Umweltbundesamt</subfield>
            <subfield code="b">Schwerbehindertenvertretung</subfield>
          </datafield>
          <datafield tag="201" ind1="-" ind2="1">
            <subfield code="k">Deutschland</subfield>
            <subfield code="b">Umweltbundesamt</subfield>
            <subfield code="b">Abteilung Bodenschutz</subfield>
          </datafield>
          <datafield tag="331" ind1="-" ind2="1">
            <subfield code="a">Mit Suffizienz mehr Klimaschutz modellieren</subfield>
          </datafield>
          <datafield tag="335" ind1="-" ind2="1">
            <subfield code="a">Relevanz von Suffizienz in der Modellierung, Übersicht über die aktuelle Modellierungspraxis und Ableitung methodischer Empfehlungen : Zwischenbericht zu AP 2.1 „Möglichkeiten der Instrumentierung von Energieverbrauchsreduktion durch Verhaltensänderung“</subfield>
          </datafield>
          <datafield tag="359" ind1="-" ind2="1">
            <subfield code="a">von Carina Zell-Ziegler und Dr. Hannah Förster, Öko-Institut e.V., Berlin ; im Auftrag des Umweltbundesamtes</subfield>
          </datafield>
          <datafield tag="419" ind1="-" ind2="1">
            <subfield code="a">Dessau-Roßlau</subfield>
            <subfield code="b">Herausgeber: Umweltbundesamt</subfield>
            <subfield code="c">August 2018</subfield>
          </datafield>
          <datafield tag="425" ind1="a" ind2="1">
            <subfield code="a">2018</subfield>
          </datafield>
          <datafield tag="433" ind1="-" ind2="1">
            <subfield code="a">1 Online-Ressource (41 Seiten)</subfield>
          </datafield>
          <datafield tag="451" ind1="-" ind2="1">
            <subfield code="a">Texte / Umweltbundesamt ; 2018, 55</subfield>
          </datafield>
          <datafield tag="453" ind1="-" ind2="1">
            <subfield code="a">HT015775916</subfield>
          </datafield>
          <datafield tag="455" ind1="-" ind2="1">
            <subfield code="a">2018, 55</subfield>
          </datafield>
          <datafield tag="456" ind1="-" ind2="1">
            <subfield code="a">2018,55</subfield>
          </datafield>
          <datafield tag="501" ind1="-" ind2="1">
            <subfield code="a">"EVUPLAN des Bundesministerium für Wirtschaft und Energie; Forschungskennzahl 37EV 16 124 0"</subfield>
          </datafield>
          <datafield tag="501" ind1="-" ind2="1">
            <subfield code="a">Aus dem Impressum: "Abschlussdatum: Juli 2018"</subfield>
          </datafield>
          <datafield tag="516" ind1="a" ind2="1">
            <subfield code="a">Enthält Abstract in englischer Sprache</subfield>
          </datafield>
          <datafield tag="552" ind1="a" ind2="1">
            <subfield code="a">10.4126/FRL01-006410624</subfield>
          </datafield>
          <datafield tag="655" ind1="e" ind2="1">
            <subfield code="u">https://repository.publisso.de/resource/frl:6410624</subfield>
            <subfield code="x">Langzeitarchivierung</subfield>
            <subfield code="A">0</subfield>
          </datafield>
          <datafield tag="700" ind1="b" ind2="1">
            <subfield code="a">630</subfield>
          </datafield>
          <controlfield tag="SYS">022646580</controlfield>
          <datafield tag="LOW" ind1="-" ind2="1">
            <subfield code="a">QL001</subfield>
          </datafield>
          <datafield tag="088" ind1=" " ind2=" ">
            <subfield code="a">98</subfield>
          </datafield>
        </record>
      </metadata>
    </record>
  </ListRecords>
</OAI-PMH>
